<collection xmlns="http://www.loc.gov/MARC21/slim">
<record>
  <leader>01055nam0a22002651i 450 </leader>
  <controlfield tag="001">IT\ICCU\CNCE\076699</controlfield>
  <controlfield tag="005">20111015000000.0</controlfield>
  <datafield tag="012" ind1=" " ind2=" ">
    <subfield code="a">roi- utio i-i- exme (3) 1504 (A)</subfield>
    <subfield code="2">fei</subfield>
  </datafield>
  <datafield tag="100" ind1=" " ind2=" ">
    <subfield code="a">20111010d1504        0itac0103    ba</subfield>
  </datafield>
  <datafield tag="101" ind1=" " ind2=" ">
    <subfield code="a">LAT</subfield>
  </datafield>
  <datafield tag="102" ind1=" " ind2=" ">
    <subfield code="a">IT</subfield>
  </datafield>
  <datafield tag="200" ind1="1" ind2=" ">
    <subfield code="a">Conciliator</subfield>
  </datafield>
  <datafield tag="210" ind1=" " ind2=" ">
    <subfield code="e">Impressum Venetiis</subfield>
    <subfield code="h">1504 die 17 Januarij</subfield>
  </datafield>
  <datafield tag="215" ind1=" " ind2=" ">
    <subfield code="a">265, \1! c.</subfield>
    <subfield code="d">fol</subfield>
  </datafield>
  <datafield tag="620" ind1=" " ind2=" ">
    <subfield code="a">IT</subfield>
    <subfield code="d">Venezia</subfield>
  </datafield>
  <datafield tag="700" ind1=" " ind2="0">
    <subfield code="a">Pietro</subfield>
    <subfield code="c"> : d&apos;#Abano</subfield>
    <subfield code="3">IT\ICCU\CNCA\004476</subfield>
  </datafield>
  <datafield tag="712" ind1="0" ind2="2">
    <subfield code="a">s.n.</subfield>
    <subfield code="3">IT\ICCU\CNCT\000002</subfield>
    <subfield code="4">650</subfield>
  </datafield>
  <datafield tag="790" ind1=" " ind2="0">
    <subfield code="a">Petrus</subfield>
    <subfield code="c"> : Paduanensis</subfield>
    <subfield code="3">IT\ICCU\CNCA\004857</subfield>
    <subfield code="z">Pietro : d&apos;#Abano</subfield>
  </datafield>
  <datafield tag="790" ind1=" " ind2="1">
    <subfield code="a">Abano,</subfield>
    <subfield code="b">Pietro : d&apos;</subfield>
    <subfield code="3">IT\ICCU\CNCA\007521</subfield>
    <subfield code="z">Pietro : d&apos;#Abano</subfield>
  </datafield>
  <datafield tag="790" ind1=" " ind2="0">
    <subfield code="a">Petrus</subfield>
    <subfield code="c"> : Aponensis</subfield>
    <subfield code="3">IT\ICCU\CNCA\008767</subfield>
    <subfield code="z">Pietro : d&apos;#Abano</subfield>
  </datafield>
  <datafield tag="790" ind1=" " ind2="0">
    <subfield code="a">Petrus</subfield>
    <subfield code="c"> : de#Apono</subfield>
    <subfield code="3">IT\ICCU\CNCA\014800</subfield>
    <subfield code="z">Pietro : d&apos;#Abano</subfield>
  </datafield>
  <datafield tag="790" ind1=" " ind2="0">
    <subfield code="a">Petrus</subfield>
    <subfield code="c"> : de#Abano</subfield>
    <subfield code="3">IT\ICCU\CNCA\022641</subfield>
    <subfield code="z">Pietro : d&apos;#Abano</subfield>
  </datafield>
  <datafield tag="790" ind1=" " ind2="0">
    <subfield code="a">Petrus</subfield>
    <subfield code="c"> : Apponus</subfield>
    <subfield code="3">IT\ICCU\CNCA\022642</subfield>
    <subfield code="z">Pietro : d&apos;#Abano</subfield>
  </datafield>
  <datafield tag="801" ind1=" " ind2="3">
    <subfield code="a">IT</subfield>
    <subfield code="b">ICCU</subfield>
    <subfield code="c">20201115</subfield>
  </datafield>
  <datafield tag="899" ind1=" " ind2=" ">
    <subfield code="a">Biblioteca comunale Passerini Landi. Piacenza</subfield>
    <subfield code="1">PC0030</subfield>
    <subfield code="2">PIA PL</subfield>
  </datafield>
</record>
</collection>
